% This file was created with JabRef 2.7.2.
% Encoding: GBK

@ARTICLE{lee1985estimate,
  author = {Lee, W.C.Y.},
  title = {Estimate of local average power of a mobile radio signal},
  journal = {IEEE Trans. on Vehicular Technology},
  year = {1985},
  pages = {22--27},
  publisher = {IEEE}
}

@ARTICLE{tepedelenlio?lu2001estimation,
  author = {Tepedelenlio{\u{g}}lu, C. and Abdi, A. and Giannakis, G.B. and Kaveh,
	M.},
  title = {Estimation of Doppler spread and signal strength in mobile communications
	with applications to handoff and adaptive transmission},
  journal = {Wireless Commun. and Mobile Computing},
  year = {2001},
  pages = {221--242},
  publisher = {Wiley Online Library}
}

@ARTICLE{Vega2009,
  author = {de la Vega, D. and Lopez, S. and Matias, J.M. and Gil, U. and Pena,
	I. and Velez, M.M. and Ordiales, J.L. and Angueira, P.},
  title = {Generalization of the Lee Method for the Analysis of the Signal Variability},
  journal = {IEEE Trans. on Vehicular Technology},
  year = {2009},
  volume = {58},
  pages = {506 -516},
  number = {2}
}

@INPROCEEDINGS{Ai2009wcsp,
author={Bo Ai and Zhang-dui Zhong and Gang Zhu and Si-yu Lin},
booktitle={IEEE WCSP '2009},
title={Theoretical analysis on local mean signal power for wireless field strength coverage}
}

@misc{GNUCoding,
author={GNU Operating System},
title={GNU Coding Standards},
url={http://www.gnu.org/prep/standards/}
}
